% This file was created with JabRef 2.11.
% Encoding: UTF8


@Article{Alder_and_Wainwright_Phase_Transition_for_a_Hard_Sphere_System,
  Title                    = {Phase Transition for a Hard Sphere System},
  Author                   = {B. J. Alder and T. E. Wainwright},
  Journal                  = {J. Chem. Phys.},
  Year                     = {1957},
  Pages                    = {1208},
  Volume                   = {27}
}

@Article{Rapaport_The_Event_Driven_Approach_to_N_Body_Simulation,
  Title                    = {The Event-Driven Approach to N-Body Simulation},
  Author                   = {Dennis C. Rapaport},
  Journal                  = {Progress of Theoretical Physics Supplement},
  Year                     = {2009},
  Number                   = {178},
  Pages                    = {5-14}
}

@Article{Rosenbluth_Chem_Phys_22_881_1954,
  Title                    = {Further Results on Monte Carlo Equations of State},
  Author                   = {Marshall N. Rosenbluth and Arianna W. Rosenbluth},
  Journal                  = {J. Chem. Phys. 22, 881 (1954); http://dx.doi.org/10.1063/1.1740207},
  Year                     = {1954}
}

@Article{Miller_Luding_Event_driven_molecular_dynamics_in_parallel,
  Title                    = {Event-driven molecular dynamics in parallel},
  Author                   = {S. Miller, S. Luding},
  Journal                  = {Journal of Computational Physics},
  Year                     = {2003},
  Pages                    = {306–316},
  Volume                   = {193},
  Doi                      = {10.1016/j.jcp.2003.08.009}
}

@Article{Wood_and_Jacobson_1957,
  Title                    = {Preliminary Results from a Recalculation of the Monte Carlo Equation of State of Hard Spheres},
  Author                   = {W. W. Wood and J. D. Jacobson},
  Journal                  = {J. Chem. Phys.},
  Year                     = {1957},
  Pages                    = {1207},
  Volume                   = {27},
  Doi                      = {10.1063/1.1743956}
}

@Article{Belkin_MMD_2006,
  Title                    = {ОБ ОДНОЙ МОДИФИКАЦИИ МЕТОДА МОЛЕКУЛЯРНОЙ ДИНАМИКИ},
  Author                   = {А. А. Белкин},
  Journal                  = {Сибирский журнал индустриальной математики},
  Year                     = {2006},
  Month                    = {Октябрь–декабрь},
  Number                   = {4(28)},
  Pages                    = {27-32},
  Volume                   = {IX}
}

@Article{Veshnev_Nurlygayanov_Cristalization_of_hard_spheres_near_the_hard_wall_ru_2011,
  Title                    = {Кристаллизация твердых сфер вблизи стенки},
  Author                   = {В.П. Вешнев, Т.А. Нурлыгаянов},
  Journal                  = {Письма в ЖТФ},
  Year                     = {2011},
  Number                   = {18},
  Volume                   = {37}
}

@Book{Dzonkali_1989_Physics_T1,
  Title                    = {Физика. Т. I},
  Author                   = {Д. Джанколи},
  Publisher                = {Мир},
  Year                     = {1989}
}

